@article{marks_patterns_2008,
	title = {Patterns of {Regional} {Authority}},
	volume = {18},
	issn = {1359-7566},
	url = {http://dx.doi.org/10.1080/13597560801979506},
	doi = {10.1080/13597560801979506},
	number = {2-3},
	urldate = {2016-05-31},
	journal = {Regional \& Federal Studies},
	author = {Marks, Gary and Hooghe, Liesbet and Schakel, Arjan H.},
	month = jun,
	year = {2008},
	pages = {167--181}
}

@article{tomio2005creation,
	title={The creation of municipalities after the 1988 constitution},
	author={Tomio, Fabricio Ricardo de Limas},
	journal={Revista Brasileira de Ci{\^e}ncias Sociais},
	volume={1},
	number={SE},
	pages={0--0},
	year={2005},
	publisher={SciELO Social Sciences}
}

@inproceedings{turgel2008new,
	title={New Local Self-Government Reform in Russia: A Step to Decentralization or Consolidation of Vertical Authority?},
	author={Turgel, Irina},
	booktitle={16th NISPAcee Annual Conference Public Policy and Administration: Challenges and Synergies},
	year={2008}
}

@article{mccabe2000special,
	title={Special-district formation among the states},
	author={McCabe, Barbara Coyle},
	journal={State \& Local Government Review},
	pages={121--131},
	year={2000},
	publisher={JSTOR}
}

@article{Mamata,
	title = {West Bengal CM Mamata Banerjee creates five new districts},
	url = {http://timesofindia.indiatimes.com/city/kolkata/West-Bengal-CM-Mamata-Banerjee-creates-five-new-districts/articleshow/50234830.cms},
	urldate = {2016-05-31},
	journal = {Times of India},
	author = {Debashis Konar},
	date = {2015-12-18}
}

@article{Telengana,
	title = {New Districts to Precede New Constituencies},
	url = {http://www.newindianexpress.com/states/telangana/New-Districts-to-Precede-New-Constituencies/2016/05/07/article3419967.ece},
	urldate = {2016-05-31},
	journal = {The New Indian Express},
	author = {V V Balakrishna},
	date = {2016-05-07}
}

@article{Haryana,
	title = {Haryana mulls creation of three new districts},
	url = {http://timesofindia.indiatimes.com/city/chandigarh/Haryana-mulls-creation-of-three-new-districts/articleshow/51915065.cms},
	urldate = {2016-05-31},
	journal = {The Times of India},
	author = {PTI},
	date = {2016-04-20}
}

@article{marks_measuring_2008,
	title = {Measuring {Regional} {Authority}},
	volume = {18},
	issn = {1359-7566},
	url = {http://dx.doi.org/10.1080/13597560801979464},
	doi = {10.1080/13597560801979464},
	number = {2-3},
	urldate = {2016-05-31},
	journal = {Regional \& Federal Studies},
	author = {Marks, Gary and Hooghe, Liesbet and Schakel, Arjan H.},
	month = jun,
	year = {2008},
	pages = {111--121}
}

@techreport{acemoglu_political_2016,
	type = {Working {Paper}},
	title = {The {Political} {Agenda} {Effect} and {State} {Centralization}},
	url = {http://www.nber.org/papers/w22250},
	number = {22250},
	urldate = {2016-05-31},
	institution = {National Bureau of Economic Research},
	author = {Acemoglu, Daron and Robinson, James A. and Torvik, Ragnar},
	month = may,
	year = {2016}
}

@article{loughlin_regional_2000,
	title = {Regional autonomy and state paradigm shifts in {Western} {Europe}},
	volume = {10},
	url = {http://www.tandfonline.com/doi/pdf/10.1080/13597560008421118},
	number = {2},
	urldate = {2016-05-31},
	journal = {Regional \& Federal Studies},
	author = {Loughlin, John},
	year = {2000},
	pages = {10--34}
}

@article{larsen_municipal_2002,
	title = {Municipal size and democracy: a critical analysis of the argument of proximity based on the case of {Denmark}},
	volume = {25},
	shorttitle = {Municipal size and democracy},
	number = {4},
	journal = {Scandinavian Political Studies},
	author = {Larsen, Christian Albrekt},
	year = {2002},
	pages = {317--332}
}

@article{rodden_comparative_2004,
	title = {Comparative {Federalism} and {Decentralization}: {On} {Meaning} and {Measurement}},
	volume = {36},
	issn = {0010-4159},
	shorttitle = {Comparative {Federalism} and {Decentralization}},
	url = {http://www.jstor.org/stable/4150172},
	doi = {10.2307/4150172},
	number = {4},
	urldate = {2016-06-01},
	journal = {Comparative Politics},
	author = {Rodden, Jonathan},
	year = {2004},
	pages = {481--500}
}

@article{de_vries_rise_2000,
	title = {The rise and fall of decentralization: {A} comparative analysis of arguments and practices in {European} countries},
	volume = {38},
	shorttitle = {The rise and fall of decentralization},
	url = {http://onlinelibrary.wiley.com/doi/10.1111/1475-6765.00532/abstract},
	number = {2},
	urldate = {2016-06-01},
	journal = {European journal of political research},
	author = {De Vries, Michiel S.},
	year = {2000},
	pages = {193--224},
}

@article{nemec_local_2015,
	title = {Local {Government} {Structure} and {Capacities} in {Europe}},
	volume = {14},
	number = {3},
	urldate = {2016-06-01},
	journal = {Viesoji Politika ir Administravimas},
	author = {Nemec, Juraj and {others}},
	year = {2015}
}

@article{bikker_optimum_2015,
	title = {The {Optimum} {Size} of {Local} {Public} {Administration}},
	volume = {15},
	url = {http://dspace.library.uu.nl/handle/1874/315838},
	number = {05},
	urldate = {2016-06-01},
	journal = {Discussion paper series/Tjalling C. Koopmans Research Institute},
	author = {Bikker, Jacob A. and van der Linde, D. E.},
	year = {2015}
}

@book{holzer2009literature,
	title={Literature review and analysis related to optimal municipal size and efficiency},
	author={Holzer, Marc},
	year={2009},
	publisher={Rutgers--Newark, School of Public Affairs and Administration}
}

@techreport{schirmer_european_2012,
	address = {Rochester, NY},
	type = {{SSRN} {Scholarly} {Paper}},
	title = {European {Integration}, {Minority}-{Nationalism} and the {Territorial} {Restructuring} of {Government}},
	url = {http://papers.ssrn.com/abstract=2104638},
	number = {ID 2104638},
	urldate = {2016-06-01},
	institution = {Social Science Research Network},
	author = {Schirmer, Dietmar and Gokkir, Betul},
	year = {2012},
	keywords = {Decentralization, European Integration, European Union, Regional Authority, Regionalism}
}

@article{aboagye_promise_2015,
	title = {Promise and {Reality} of {Decentralization}: {The} {Case} of {Farmers}' {Access} to {Agricultural} {Advisory} {Services} in the {Sunyani} {Municipality} of {Ghana}.},
	shorttitle = {Promise and {Reality} of {Decentralization}},
	author = {Aboagye, Prince Young},
	year = {2015}
}

@article{brancati_decentralization:_2006,
	title = {Decentralization: {Fueling} the {Fire} or {Dampening} the {Flames} of {Ethnic} {Conflict} and {Secessionism}?},
	volume = {60},
	issn = {0020-8183},
	shorttitle = {Decentralization},
	url = {http://www.jstor.org/stable/3877823},
	number = {3},
	urldate = {2016-06-01},
	journal = {International Organization},
	author = {Brancati, Dawn},
	year = {2006},
	pages = {651--685}
}

@article{veenendaal_origins_2015,
	title = {Origins and {Persistence} of {Federalism} and {Decentralization} in {Microstates}},
	issn = {0048-5950, 1747-7107},
	url = {http://publius.oxfordjournals.org/content/early/2015/04/15/publius.pjv017},
	doi = {10.1093/publius/pjv017},
	language = {en},
	urldate = {2016-06-01},
	journal = {Publius: The Journal of Federalism},
	author = {Veenendaal, Wouter P.},
	month = apr,
	year = {2015},
	pages = {pjv017}
}

@article{hansen_size_2014,
	title = {Size, {Democracy}, and the {Economic} {Costs} of {Running} the {Political} {System}},
	volume = {58},
	issn = {0092-5853},
	url = {http://www.jstor.org/stable/24363526},
	number = {4},
	urldate = {2016-06-01},
	journal = {American Journal of Political Science},
	author = {Blom-Hansen, Jens and Houlberg, Kurt and Serritzlew, S\o ren},
	year = {2014},
	pages = {790--803}
}

@article{sole-olle_relationship_2005,
	title = {On the {Relationship} between {Authority} {Size} and the {Costs} of {Providing} {Local} {Services}: {Lessons} for the {Design} of {Intergovernmental} {Transfers} in {Spain}},
	volume = {33},
	issn = {1091-1421, 1552-7530},
	shorttitle = {On the {Relationship} between {Authority} {Size} and the {Costs} of {Providing} {Local} {Services}},
	url = {http://pfr.sagepub.com/content/33/3/343},
	doi = {10.1177/1091142104272708},
	language = {en},
	number = {3},
	urldate = {2016-06-01},
	journal = {Public Finance Review},
	author = {Solé-Ollé, Albert and Bosch, Núria},
	month = may,
	year = {2005},
	keywords = {intergovernmental transfers, local governments, scale economies},
	pages = {343--384}
}

@article{avellaneda_is_2015,
	title = {Is {Small} {Beautiful}? {Testing} the {Direct} and {Nonlinear} {Effects} of {Size} on {Municipal} {Performance}},
	volume = {75},
	copyright = {© 2014 by The American Society for Public Administration},
	issn = {1540-6210},
	shorttitle = {Is {Small} {Beautiful}?},
	url = {http://onlinelibrary.wiley.com/doi/10.1111/puar.12307/abstract},
	doi = {10.1111/puar.12307},
	language = {en},
	number = {1},
	urldate = {2016-06-01},
	journal = {Public Administration Review},
	author = {Avellaneda, Claudia N. and Gomes, Ricardo Corr{\^e}a},
	month = jan,
	year = {2015},
	pages = {137--149}
}

@article{andrews_size_2009,
	title = {Size, {Structure} and {Administrative} {Overheads}: {An} {Empirical} {Analysis} of {English} {Local} {Authorities}},
	volume = {46},
	issn = {0042-0980, 1360-063X},
	shorttitle = {Size, {Structure} and {Administrative} {Overheads}},
	url = {http://usj.sagepub.com/content/46/4/739},
	doi = {10.1177/0042098009102127},
	language = {en},
	number = {4},
	urldate = {2016-06-01},
	journal = {Urban Studies},
	author = {Andrews, Rhys and Boyne, George A.},
	month = apr,
	year = {2009},
	pages = {739--759}
}

@article{beck_what_2005,
	title = {What to {Do} (and {Not} to {Do}) with {Time}-{Series} {Cross}-{Section} {Data}.},
	volume = {89},
	language = {English},
	number = {3},
	urldate = {2016-06-01},
	journal = {American Political Science Review},
	author = {Beck, Nathaniel and Katz, Jonathan N},
	month = sep,
	year = {2005},
	pages = {634--47}
}

@article{besley_unnatural_2000,
	title = {Unnatural {Experiments}? {Estimating} the {Incidence} of {Endogenous} {Policies}},
	volume = {110},
	issn = {0013-0133},
	shorttitle = {Unnatural {Experiments}?},
	url = {http://www.jstor.org/stable/2667771},
	number = {467},
	urldate = {2016-06-01},
	journal = {The Economic Journal},
	author = {Besley, Timothy and Case, Anne},
	year = {2000},
	pages = {F672--F694}
}

@article{boyne_population_1995,
	title = {Population size and economies of scale in local government},
	volume = {23},
	number = {3},
	urldate = {2016-06-01},
	journal = {Policy \& Politics},
	author = {Boyne, George},
	year = {1995},
	pages = {213--222}
}

@book{caulfield_local_2002,
	address = {Wiesbaden},
	title = {Local {Government} at the {Millenium}},
	isbn = {978-3-8100-3191-4 978-3-663-10679-1},
	url = {http://link.springer.com/10.1007/978-3-663-10679-1},
	language = {en},
	urldate = {2016-06-01},
	publisher = {VS Verlag für Sozialwissenschaften},
	editor = {Caulfield, Janice and Larsen, Helge O.},
	year = {2002}
}

@book{dahl_size_1973,
	title = {Size and democracy},
	volume = {2},
	urldate = {2016-06-01},
	publisher = {Stanford University Press},
	author = {Dahl, Robert Alan and Tufte, Edward R.},
	year = {1973}
}

@techreport{gerring_size_2011,
	title = {Size and democracy revisited},
	institution = {DISC Working Papers},
	author = {Gerring, John and Zarecki, Dominic},
	year = {2011}
}

@article{dollery_conceptual_2006,
	title = {A conceptual note on scale economies, size economies and scope economies in {Australian} local government},
	volume = {24},
	url = {http://www.tandfonline.com/doi/abs/10.1080/08111140600704111},
	number = {2},
	urldate = {2016-06-01},
	journal = {Urban Policy and Research},
	author = {Dollery, Brian and Fleming, Euan},
	year = {2006},
	pages = {271--282}
}

@article{king_local_2000,
	title = {Local authority size in theory and practice},
	volume = {18},
	url = {http://epc.sagepub.com/content/18/3/255.short},
	number = {3},
	urldate = {2016-06-01},
	journal = {Environment and Planning C: Government and Policy},
	author = {King, David N. and Ma, Yue},
	year = {2000},
	pages = {255--270}
}

@article{lassen_jurisdiction_2011,
	title = {Jurisdiction {Size} and {Local} {Democracy}: {Evidence} on {Internal} {Political} {Efficacy} from {Large}-scale {Municipal} {Reform}},
	volume = {105},
	issn = {0003-0554},
	shorttitle = {Jurisdiction {Size} and {Local} {Democracy}},
	url = {http://www.jstor.org/stable/41495064},
	number = {2},
	urldate = {2016-06-01},
	journal = {The American Political Science Review},
	author = {Lassen, David Dreyer and Serritzlew, Soren},
	year = {2011},
	pages = {238--258}
}

@article{lewis_size_2011,
	title = {Size and {Local} {Democracy}: {Scale} {Effects} in {City} {Politics}},
	volume = {44},
	issn = {1049-0965},
	shorttitle = {Size and {Local} {Democracy}},
	url = {http://www.jstor.org/stable/40984495},
	number = {1},
	urldate = {2016-06-01},
	journal = {PS: Political Science and Politics},
	author = {Lewis, Paul G.},
	year = {2011},
	pages = {107--109}
}

@article{meyer_natural_1995,
	title = {Natural and {Quasi}-{Experiments} in {Economics}},
	volume = {13},
	issn = {0735-0015},
	url = {http://www.jstor.org/stable/1392369},
	doi = {10.2307/1392369},
	number = {2},
	urldate = {2016-06-01},
	journal = {Journal of Business \& Economic Statistics},
	author = {Meyer, Bruce D.},
	year = {1995},
	pages = {151--161}
}

@article{martins_size_1995,
	title = {Size of {Municipalities}, {Efficiency}, and {Citizen} {Participation}: {A} {Cross}-{European} {Perspective}},
	volume = {13},
	issn = {0263-774X, 1472-3425},
	shorttitle = {Size of {Municipalities}, {Efficiency}, and {Citizen} {Participation}},
	url = {http://epc.sagepub.com/content/13/4/441},
	doi = {10.1068/c130441},
	language = {en},
	number = {4},
	urldate = {2016-06-01},
	journal = {Environment and Planning C: Government and Policy},
	author = {Martins, M. R.},
	month = dec,
	year = {1995},
	pages = {441--458}
}

@article{newton_is_1982,
	title = {Is small really so beautiful? {Is} big really so ugly? {Size}, effectiveness, and democracy in local government.},
	volume = {30},
	shorttitle = {{IS} {SMALL} {REALLY} {SO} {BEAUTIFUL}?},
	url = {http://onlinelibrary.wiley.com/doi/10.1111/j.1467-9248.1982.tb00532.x/full},
	number = {2},
	urldate = {2016-06-01},
	journal = {Political studies},
	author = {Newton, Kenneth},
	year = {1982},
	pages = {190--206}
}

@incollection{mouritzen_danish_2010,
	title = {The {Danish} {Revolution} in {Local} {Government}: {How} and {Why}?},
	copyright = {©2010 Poul Erik Mouritzen},
	isbn = {978-1-349-31340-2 978-0-230-28982-6},
	shorttitle = {The {Danish} {Revolution} in {Local} {Government}},
	url = {http://link.springer.com/chapter/10.1057/9780230289826_2},
	language = {en},
	urldate = {2016-06-01},
	booktitle = {Territorial {Choice}},
	publisher = {Palgrave Macmillan UK},
	author = {Mouritzen, Poul Erik},
	editor = {Baldersheim, Harald and Rose, Lawrence E.},
	year = {2010},
	note = {DOI: 10.1057/9780230289826\_2},
	keywords = {Comparative Politics, European Politics, European Union Politics, Political Science, Public Policy},
	pages = {21--41}
}

@article{ostrom_metropolitan_1972,
	title = {Metropolitan reform: {Propositions} derived from two traditions},
	volume = {53},
	issn = {0038-4941},
	shorttitle = {{METROPOLITAN} {REFORM}},
	url = {http://www.jstor.org/stable/42860228},
	number = {3},
	urldate = {2016-06-01},
	journal = {Social Science Quarterly},
	author = {Ostrom, Elinor},
	year = {1972},
	pages = {474--493}
}

@article{sekhon_when_2012,
	title = {When natural experiments are neither natural nor experiments},
	volume = {106},
	url = {http://journals.cambridge.org/abstract_S0003055411000542},
	number = {01},
	urldate = {2016-06-01},
	journal = {American Political Science Review},
	author = {Sekhon, Jasjeet S. and Titiunik, Rocio},
	year = {2012},
	pages = {35--57}
}

@article{tiebout_economies_1960,
	title = {Economies of {Scale} and {Metropolitan} {Governments}},
	volume = {42},
	issn = {0034-6535},
	url = {http://www.jstor.org/stable/1925694},
	doi = {10.2307/1925694},
	number = {4},
	urldate = {2016-06-01},
	journal = {The Review of Economics and Statistics},
	author = {Tiebout, Charles M.},
	year = {1960},
	pages = {442--444}
}

@article{sharpe_theories_1970,
	title = {Theories and values of local government},
	volume = {18},
	url = {http://onlinelibrary.wiley.com/doi/10.1111/j.1467-9248.1970.tb00867.x/full},
	number = {2},
	urldate = {2016-06-01},
	journal = {Political studies},
	author = {Sharpe, Lawrence J.},
	year = {1970},
	pages = {153--174}
}

@book{kersting_reforming_2003,
	address = {Wiesbaden},
	title = {Reforming {Local} {Government} in {Europe}},
	isbn = {978-3-8100-3958-3 978-3-663-11258-7},
	url = {http://link.springer.com/10.1007/978-3-663-11258-7},
	language = {en},
	urldate = {2016-06-01},
	publisher = {VS Verlag für Sozialwissenschaften},
	editor = {Kersting, Norbert and Vetter, Angelika},
	year = {2003}
}

@article{warren_voting_2011,
	title = {Voting with {Your} {Feet}: {Exit}-based {Empowerment} in {Democratic} {Theory}},
	volume = {105},
	issn = {0003-0554},
	shorttitle = {Voting with {Your} {Feet}},
	url = {http://www.jstor.org/stable/23275347},
	number = {4},
	urldate = {2016-06-01},
	journal = {The American Political Science Review},
	author = {Warren, Mark E},
	year = {2011},
	pages = {683--701}
}

@article{blom-hansen_experiments_2015,
	title = {Experiments in {Public} {Management} {Research}},
	volume = {18},
	issn = {1096-7494},
	url = {http://dx.doi.org/10.1080/10967494.2015.1024904},
	doi = {10.1080/10967494.2015.1024904},
	number = {2},
	urldate = {2016-06-02},
	journal = {International Public Management Journal},
	author = {Blom-Hansen, Jens and Morton, Rebecca and Serritzlew, Søren},
	month = apr,
	year = {2015},
	pages = {151--170}
}

@article{bikker_scale_2016,
	title = {Scale economies in local public administration},
	volume = {42},
	issn = {0300-3930},
	url = {http://dx.doi.org/10.1080/03003930.2016.1146139},
	doi = {10.1080/03003930.2016.1146139},
	number = {3},
	urldate = {2016-06-02},
	journal = {Local Government Studies},
	author = {Bikker, Jacob and Linde, Daan van der},
	month = may,
	year = {2016},
	pages = {441--463}
}

@article{yamada_crucial_2016,
	title = {Crucial {Decisions} {By} {Small} {Towns} and {Villages}: {Why} {Did} {Some} {Municipalities} {Choose} to {Merge} {But} {Others} {Did} {Not} {During} the {Nationwide} {Wave} of {Municipal} {Mergers} in {Japan}?},
	volume = {39},
	issn = {0190-0692},
	shorttitle = {Crucial {Decisions} {By} {Small} {Towns} and {Villages}},
	url = {http://dx.doi.org/10.1080/01900692.2015.1028632},
	doi = {10.1080/01900692.2015.1028632},
	number = {6},
	urldate = {2016-06-02},
	journal = {International Journal of Public Administration},
	author = {Yamada, Kyohei},
	month = may,
	year = {2016},
	pages = {480--491}
}

@article{askim_what_2014,
	title = {What {Causes} {Municipal} {Amalgamation} {Reform}? {Rational} {Explanations} {Meet} {Western} {European} {Experiences}, 2004–13},
	shorttitle = {What {Causes} {Municipal} {Amalgamation} {Reform}?},
	author = {Askim, J. and Klausen, J. E. and Vabo, S. I. and Bjurstrøm, K.},
	year = {2014}
}

@article{hirsch_expenditure_1959,
	title = {Expenditure {Implications} of {Metropolitan} {Growth} and {Consolidation}},
	volume = {41},
	issn = {0034-6535},
	url = {http://www.jstor.org/stable/1927450},
	doi = {10.2307/1927450},
	number = {3},
	urldate = {2016-06-02},
	journal = {The Review of Economics and Statistics},
	author = {Hirsch, Werner Z.},
	year = {1959},
	pages = {232--241}
}

@book{aristotle_politics_1984,
	title = {Politics},
	url = {https://socserv2.socsci.mcmaster.ca/econ/ugcm/3ll3/aristotle/Politics.pdf},
	urldate = {2016-06-02},
	author = {Aristotle},
	translator = {Jowett, Benjamin},
	year = {1984},
}

@book{denters_size_2014,
	title = {Size and local democracy},
	publisher = {Edward Elgar Publishing},
	author = {Denters, Bas and Goldsmith, Michael and Ladner, Andreas and Mouritzen, Poul Erik and Rose, Lawrence E.},
	year = {2014}
}

@book{scharpf_governing_1999,
	title = {Governing in {Europe}: effective and democratic?},
	shorttitle = {Governing in {Europe}},
	publisher = {Oxford University Press},
	author = {Scharpf, Fritz W.},
	year = {1999}
}

@article{akai_fiscal_2002,
	title = {Fiscal decentralization contributes to economic growth: evidence from state-level cross-section data for the {United} {States}},
	volume = {52},
	issn = {0094-1190},
	shorttitle = {Fiscal decentralization contributes to economic growth},
	url = {http://www.sciencedirect.com/science/article/pii/S0094119002000189},
	doi = {10.1016/S0094-1190(02)00018-9},
	number = {1},
	urldate = {2016-06-02},
	journal = {Journal of Urban Economics},
	author = {Akai, Nobuo and Sakata, Masayo},
	month = jul,
	year = {2002},
	keywords = {Economic Growth, Fiscal decentralization, Fiscal decentralization indicator},
	pages = {93--108},
}

@article{brudney_reinventing_1999,
	title = {Reinventing {Government} in the {American} {States}: {Measuring} and {Explaining} {Administrative} {Reform}},
	volume = {59},
	issn = {0033-3352},
	shorttitle = {Reinventing {Government} in the {American} {States}},
	url = {http://www.jstor.org/stable/977476},
	doi = {10.2307/977476},
	number = {1},
	urldate = {2016-06-02},
	journal = {Public Administration Review},
	author = {Brudney, Jeffrey L. and Hebert, F. Ted and Wright, Deil S.},
	year = {1999},
	pages = {19--30}
}

@article{smoke_local_1993,
	title = {Local government fiscal reform in developing countries: {Lessons} from {Kenya}},
	volume = {21},
	issn = {0305-750X},
	shorttitle = {Local government fiscal reform in developing countries},
	url = {http://www.sciencedirect.com/science/article/pii/0305750X9390051A},
	doi = {10.1016/0305-750X(93)90051-A},
	number = {6},
	urldate = {2016-06-02},
	journal = {World Development},
	author = {Smoke, Paul},
	month = jun,
	year = {1993},
	pages = {901--923}
}

@article{smoke2015rethinking,
	title={Rethinking decentralization: assessing challenges to a popular public sector reform},
	author={Smoke, Paul},
	journal={Public Administration and Development},
	volume={35},
	number={2},
	pages={97--112},
	year={2015},
	publisher={Wiley Online Library}
}

@article{prud1995dangers,
	title={The dangers of decentralization},
	author={Prud'Homme, Remy},
	journal={The world bank research observer},
	volume={10},
	number={2},
	pages={201--220},
	year={1995},
	publisher={World Bank}
}

@inproceedings{tanzi1996macroeconomic,
	title={Macroeconomic Aspects},
	author={Tanzi, Vito},
	booktitle={Annual World Bank conference on development economics},
	pages={295--317},
	year={1996}
}

@article{oates1994potential,
	title={The Potential and Perils of Fiscal Decentralization},
	author={Oates, Wallace E},
	journal={University of Maryland},
	year={1994}
}

@article{allers2016effects,
	title={The Effects of Local Government Amalgamation on Public Spending, Taxation, and Service Levels: Evidence from 15 Years of Municipal Consolidation},
	author={Allers, Maarten A and Geertsema, J Bieuwe},
	journal={Journal of Regional Science},
	year={2016},
	publisher={Wiley Online Library}
}

@article{oates1999essay,
	title={An essay on fiscal federalism},
	author={Oates, Wallace E},
	journal={Journal of economic literature},
	volume={37},
	number={3},
	pages={1120--1149},
	year={1999},
	publisher={JSTOR}
}

@article{oates1994federalism,
	title={Federalism and government finance},
	author={Oates, Wallace E},
	journal={Modern Public Finance},
	volume={126},
	year={1994},
	publisher={Cambridge, MA: Harvard U. Press}
}

@article{walberg1987expenditure,
	title={Expenditure and size efficiencies of public school districts},
	author={Walberg, Herbert J and Fowler, William J},
	journal={Educational Researcher},
	volume={16},
	number={7},
	pages={5--13},
	year={1987},
	publisher={Sage Publications}
}

@article{driscoll2003school,
	title={School district size and student performance},
	author={Driscoll, Donna and Halcoussis, Dennis and Svorny, Shirley},
	journal={economics of education review},
	volume={22},
	number={2},
	pages={193--201},
	year={2003},
	publisher={Elsevier}
}

@article{strang1987administrative,
	title={The administrative transformation of American education: School district consolidation, 1938-1980},
	author={Strang, David},
	journal={Administrative Science Quarterly},
	pages={352--366},
	year={1987},
	publisher={JSTOR}
}

@article{faguet2008decentralization,
	title={Decentralization's effects on educational outcomes in Bolivia and Colombia},
	author={Faguet, Jean-Paul and Sanchez, Fabio},
	journal={World Development},
	volume={36},
	number={7},
	pages={1294--1316},
	year={2008},
	publisher={Elsevier}
}

@article{oates_fiscal_1993,
	title = {Fiscal decentralization and economic development},
	volume = {46},
	issn = {0028-0283},
	url = {http://www.jstor.org/stable/41789013},
	number = {2},
	urldate = {2016-06-02},
	journal = {National Tax Journal},
	author = {Oates, Wallace E.},
	year = {1993},
	pages = {237-243}
}

@book{oates_fiscal_1972,
	title = {Fiscal federalism},
	publisher = {Edward Elgar Publishing},
	author = {Oates, Wallace E.},
	urldate = {2016-06-02},
	year = {1972}
}
